@article{fogArch,
  title={The {M}icroarchitecture of {I}ntel, {AMD} and {VIA} {C}PUs},
  author={Fog, Agner},
  journal={An optimization guide for assembly programmers and compiler makers. Copenhagen University College of Engineering},
  year={2011}
}

@article{IntOpt,
  title={Intel 64 and {IA}-32 {A}rchitectures {O}ptimization {R}eference {M}anual},
  author={Intel},
  journal={Intel Corporation, May},
  year={2015}
}

@article{Gav06,
  title={Getting ready to meet {I}ntel {C}ore 2 {D}uo: Core microarchitecture unleashed},
  author={Gavrichenkov, Ilya},
  journal={Xbit Laboratories},
  year={2006}
}